<?xml version="1.0" encoding="UTF-8"?><collection xmlns="http://www.loc.gov/MARC21/slim"><record><leader>00545nam--2200181-i-4500</leader><controlfield tag="001">000045574</controlfield><controlfield tag="002">20161230</controlfield><controlfield tag="005">20161230201045</controlfield><controlfield tag="008">060222s1000------------r-----000-0-eng-d</controlfield><datafield ind1=" " ind2=" " tag="040"><subfield code="a">IFIN-HH</subfield></datafield><datafield ind1=" " ind2=" " tag="080"><subfield code="a">536.52</subfield></datafield><datafield ind1="1" ind2=" " tag="100"><subfield code="a">Tourin, Richard H</subfield></datafield><datafield ind1="1" ind2="0" tag="245"><subfield code="a">Spectroscopic gas temperature measurement</subfield><subfield code="b">Pyrometry of hot gases and plasmas</subfield><subfield code="c">Richard h. tourin</subfield></datafield><datafield ind1=" " ind2=" " tag="260"><subfield code="a">Amsterdam, Elsevier Publishing Company, 1966,</subfield></datafield><datafield ind1=" " ind2=" " tag="300"><subfield code="a">XI + 139P</subfield></datafield><datafield ind1=" " ind2=" " tag="490"><subfield code="a">Fuel And Energy Science Series</subfield></datafield><datafield ind1=" " ind2=" " tag="852"><subfield code="a">27485</subfield><subfield code="c">533.9</subfield></datafield><datafield ind1=" " ind2=" " tag="CAT"><subfield code="a">Sys</subfield><subfield code="c">20100922</subfield><subfield code="h">151149</subfield></datafield></record></collection>